% Encoding: UTF-8

@Article{Guthrie2022,
  author = {Georgina Guthrie},
  date   = {2022-02-03},
  title  = {A simple introduction to Kubernetes and the world of containers},
  url    = {https://nulab.com/learn/software-development/introduction-kubernetes-containers/},
}

@Article{Frieze2022,
  author  = {Ashley Frieze},
  date    = {2022-08-03},
  title   = {Guide to Docker Volumes},
  url     = {https://www.baeldung.com/ops/docker-volumes},
  comment = {https://www.baeldung.com/ops/docker-volumes},
}

@Misc{Docker2023,
  author  = {Docker},
  date    = {2023},
  title   = {Use Docker Compose},
  url     = {https://docs.docker.com/get-started/08_using_compose/},
  comment = {https://docs.docker.com/get-started/08_using_compose/},
}

@Misc{VMware2023a,
  author  = {VMware},
  date    = {2023},
  title   = {What is a hypervisor?},
  url     = {https://www.vmware.com/be/topics/glossary/content/hypervisor.html},
  comment = {https://www.vmware.com/be/topics/glossary/content/hypervisor.html},
}

@Misc{ASF2022,
  author  = {{Apache Software Foundation}},
  date    = {2022},
  title   = {Apache Hadoop},
  url     = {https://hadoop.apache.org/},
  urldate = {2022-12-14},
}

@Misc{ASF2022b,
  author  = {{Apache Software Foundation}},
  date    = {2022},
  title   = {Apache Kafka},
  url     = {https://kafka.apache.org/},
  urldate = {2022-12-14},
}

@Misc{Talend2023,
  author = {Talend},
  date   = {2023},
  title  = {What is MapReduce?},
  url    = {https://www.talend.com/resources/what-is-mapreduce/},
}

@Article{Borthakur2007,
  author = {Dhruba Borthakur},
  date   = {2007},
  title  = {The Hadoop Distributed File System:Architecture and Design},
  url    = {https://svn.apache.org/repos/asf/hadoop/common/tags/release-0.17.0/docs/hdfs_design.pdf},
}

@Article{Databricks2023,
  author = {Databricks},
  date   = {2023},
  title  = {Apache Spark™},
  url    = {https://www.databricks.com/spark/about},
}

@Misc{ASF2023,
  author = {{Apache Software Foundation}},
  date   = {2023},
  title  = {What is ZooKeeper?},
  url    = {https://zookeeper.apache.org/},
}

@Misc{Conduktor2023,
  author = {Conduktor},
  date   = {2023},
  title  = {Zookeeper with Kafka},
  url    = {https://www.conduktor.io/kafka/zookeeper-with-kafka/},
}

@Misc{AwsAmazon2023a,
  author = {AwsAmazon},
  date   = {2023},
  title  = {Introduction to Apache Spark},
  url    = {https://aws.amazon.com/big-data/what-is-spark/},
}

@Article{GitBook2023,
  author = {GitBook},
  date   = {2023},
  title  = {The Internals of Apache Kafka},
  url    = {https://jaceklaskowski.gitbooks.io/apache-kafka/content/kafka-brokers.html},
}

@Misc{AwsAmazon2023b,
  author = {AwsAmazon},
  date   = {2023},
  title  = {What is Apache Kafka?},
  url    = {https://aws.amazon.com/msk/what-is-kafka/},
}

@Misc{Kubernetes2023,
  author = {Kubernetes},
  date   = {2023},
  title  = {ConfigMaps},
  url    = {https://kubernetes.io/docs/concepts/configuration/configmap/},
}

@Booklet{VMware2019,
  author = {VMware, Inc},
  date   = {2019},
  title  = {VMware vSphere withKubernetes 101},
  url    = {https://www.vmware.com/content/dam/digitalmarketing/vmware/en/pdf/products/vsan/vmw-vsphere-with-kubernetes-101.pdf},
}

@Misc{Docker2023b,
  author = {Docker},
  date   = {2023},
  title  = {Swarm mode key concepts},
  url    = {https://docs.docker.com/engine/swarm/key-concepts/},
}

@Article{Razorops2022,
  author = {Razorops, Inc.},
  date   = {2022-06-03},
  title  = {Kubernetes-The de facto standard to deploy and operate containerized applications.},
  url    = {https://www.linkedin.com/pulse/kubernetes-the-de-facto-standard-deploy-operate-containerized-/},
}

@Misc{Kubernetes2023a,
  author = {Kubernetes},
  date   = {2023},
  title  = {Cluster Networking},
  url    = {https://kubernetes.io/docs/concepts/cluster-administration/networking/},
}

@Article{Kubernetes2023b,
  author = {Kubernetes},
  date   = {2023},
  title  = {Service},
  url    = {https://kubernetes.io/docs/concepts/services-networking/service/},
}

@Article{Taylor2023,
  author = {David Taylor},
  date   = {2023-03-11},
  title  = {What is MapReduce in Hadoop? Big Data Architecture},
  url    = {https://www.guru99.com/introduction-to-mapreduce.html},
}

@Misc{DataFlair2023,
  author = {DataFlair},
  date   = {2023},
  title  = {Apache Spark RDD vs DataFrame vs DataSet},
  url    = {https://data-flair.training/blogs/apache-spark-rdd-vs-dataframe-vs-dataset/},
}

@Misc{Spark2023,
  author = {Apache Spark},
  date   = {2023},
  title  = {Spark SQL, DataFrames and Datasets Guide},
  url    = {https://spark.apache.org/docs/latest/sql-programming-guide.html},
}

@Article{Naveen2023,
  author = {Naveen},
  date   = {2023-02-22},
  title  = {Spark SQL Explained with Examples},
  url    = {https://sparkbyexamples.com/spark/spark-sql-explained/},
}

@Misc{Spark2023a,
  author = {Apache Spark},
  date   = {2023},
  title  = {Spark SQL Guide},
  url    = {https://spark.apache.org/docs/latest/sql-getting-started.html},
}

@Misc{Spark2023b,
  author = {Apache Spark},
  date   = {2023},
  title  = {Machine Learning Library (MLlib) Guide},
  url    = {https://spark.apache.org/docs/latest/ml-guide.html},
}

@Article{Buuck2022,
  author = {Brenna Buuck},
  date   = {2022-11-09},
  title  = {Spark Streaming},
  url    = {https://streamsets.com/blog/spark-streaming},
}

@Misc{Kafka2023,
  author = {Apache Kafka},
  date   = {2023},
  title  = {INTRODUCTION},
  url    = {https://kafka.apache.org/intro},
}

@Misc{Harbour2023,
  author = {Coding Harbour},
  date   = {2023},
  title  = {Kafka Topics Explained},
  url    = {https://codingharbour.com/apache-kafka/the-introduction-to-kafka-topics-and-partitions/},
}

@Misc{VMware2023b,
  author = {VMware},
  date   = {2023},
  title  = {Building and Deploying Multi-Container Applications to a Virtual Container Host},
  url    = {https://vmware.github.io/vic-product/assets/files/html/1.3/vic_app_dev/deploy_multiple_docker_compose.html},
}

@Article{VMware2021,
  author = {VMware},
  date   = {2021-09-07},
  title  = {VMware vSphere Integrated Containers End of General Support FAQ},
  url    = {https://kb.vmware.com/s/article/85664},
}

@Article{NirShtein2023,
  author = {Nir Shtein, Software Engineer},
  date   = {2023-01-10},
  title  = {Kubernetes Nodes – The Complete Guide},
  url    = {https://komodor.com/learn/kubernetes-nodes-complete-guide/},
}

@Misc{Kubernetes2023c,
  author = {Kubernetes},
  date   = {2023},
  title  = {Kubernetes Namespaces},
  url    = {https://kubernetes.io/docs/concepts/overview/working-with-objects/namespaces/},
}

@Misc{Hadoop2023,
  author = {Apache Hadoop},
  date   = {2023},
  title  = {Hadoop in Secure Mode},
  url    = {https://hadoop.apache.org/docs/stable/hadoop-project-dist/hadoop-common/SecureMode.html},
}

@Misc{Spark2023c,
  author = {Apache Spark},
  date   = {2023},
  title  = {Spark Security},
  url    = {https://spark.apache.org/docs/latest/security.html},
}

@Misc{Cacoveanu2019,
  author = {Cacoveanu},
  date   = {2019-02-11},
  title  = {Spark UI Authentication},
  url    = {https://blog.cacoveanu.com/2019/2019.02.11.spark_ui_authentication.html},
}

@Article{Maarek2018,
  author = {Stéphane Maarek},
  date   = {2018-03-13},
  title  = {Introduction to Apache Kafka Security},
  url    = {https://medium.com/@stephane.maarek/introduction-to-apache-kafka-security-c8951d410adf},
}

@Misc{Kubernetes2023d,
  author = {Kubernetes},
  date   = {2023},
  title  = {Ingress-Nginx Controller},
  url    = {https://kubernetes.github.io/ingress-nginx/},
}

@Article{Kahuha2023,
  author = {Eric Kahuha},
  date   = {2023-04-17},
  title  = {LXC vs Docker: Which Container Platform Is Right for You?},
  url    = {https://earthly.dev/blog/lxc-vs-docker/},
}

@Article{Tunggal2023,
  author = {Abi Tyas TunggalAbi Tyas Tunggal},
  date   = {2023-01-08},
  title  = {LXC vs Docker: Why Docker is Better in 2023},
  url    = {https://www.upguard.com/blog/docker-vs-lxc},
}

@Article{Hadoop2023a,
  author = {Hadoop},
  date   = {2023},
  title  = {Launching Applications Using Docker Containers},
  url    = {https://hadoop.apache.org/docs/current/hadoop-yarn/hadoop-yarn-site/DockerContainers.html},
}

@Article{Donohue2023,
  author = {Tom Donohue},
  date   = {2023-01-02},
  title  = {The differences between Docker, containerd, CRI-O and runc},
  url    = {https://www.tutorialworks.com/difference-docker-containerd-runc-crio-oci/},
}

@Article{Rosen2022,
  author = {Chris Rosen},
  date   = {2022-06-07},
  title  = {Docker Swarm vs. Kubernetes: A Comparison},
  url    = {https://www.ibm.com/cloud/blog/docker-swarm-vs-kubernetes-a-comparison},
}

@Article{Chukwudi2023,
  author = {Golden Chukwudi},
  date   = {2023-05-11},
  title  = {Docker Swarm vs. Kubernetes},
  url    = {https://semaphoreci.com/blog/docker-swarm-kubernetes},
}

@Article{Anushkakhatri2022,
  author = {Anushkakhatri},
  date   = {2022-05-18},
  title  = {An Introduction to MapReduce with a Word Count Example},
  url    = {https://www.analyticsvidhya.com/blog/2022/05/an-introduction-to-mapreduce-with-a-word-count-example/},
}

@Article{Dayananda2019,
  author = {Sandeep Dayananda},
  date   = {2019-05-22},
  title  = {Spark GraphX Tutorial – Graph Analytics In Apache Spark},
  url    = {https://www.edureka.co/blog/spark-graphx/},
}

@Article{Kiran2022,
  author = {Ravi Kiran},
  date   = {2022-11-18},
  title  = {What are the Key Terminologies in Hadoop Security?},
  url    = {https://www.edureka.co/blog/hadoop-security/},
}

@Article{Kerberos2023,
  author = {MIT Kerberos},
  date   = {2023},
  title  = {Kerberos: The Network Authentication Protocol},
  url    = {https://web.mit.edu/kerberos},
}

@Article{Hadoop2023b,
  author = {Hadoop},
  date   = {2023},
  title  = {HDFS Permissions Guide},
  url    = {https://hadoop.apache.org/docs/stable/hadoop-project-dist/hadoop-hdfs/HdfsPermissionsGuide.html},
}

@Article{Hadoop2023c,
  author = {Hadoop},
  date   = {2023},
  title  = {Hadoop Groups Mapping},
  url    = {https://hadoop.apache.org/docs/stable/hadoop-project-dist/hadoop-common/GroupsMapping.html},
}

@Article{Chu2020,
  author = {KahEm Chu},
  date   = {2020-12-04},
  title  = {Apache Hadoop: A Review on Security Issues and Solutions for HDFS},
  url    = {https://towardsdatascience.com/apache-hadoop-a-review-on-security-issues-and-solutions-for-hdfs-5ba06861b7cd},
}

@Article{Anand2021,
  author = {Kiran Anand},
  date   = {2021-11-10},
  title  = {Sentry to Ranger – A Concise Guide},
  url    = {https://blog.cloudera.com/sentry-to-ranger-a-concise-guide/},
}

@Article{Deane2019,
  author = {Tom Deane},
  date   = {2019-06-06},
  title  = {Improving Multi-tenancy with Virtual Private Clusters},
  url    = {https://blog.cloudera.com/improving-multi-tenancy-with-virtual-private-clusters/},
}

@Article{Spark2023d,
  author = {Spark},
  date   = {2023},
  title  = {Running Spark on Kubernetes},
  url    = {https://spark.apache.org/docs/latest/running-on-kubernetes.html},
}

@Comment{jabref-meta: databaseType:biblatex;}
